@phdthesis{lambert2001rupture,
  title={Cleavage fracture of bainitic steel microstructures obtained under welding conditions (in French)},
  author={Lambert-Perlade, Astrid},
  year={2001},
  school={{\'E}cole Nationale Sup{\'e}rieure des Mines de Paris}
}
@article{curry1979effect,
  title={Effect of microstructure on cleavage fracture toughness of quenched and tempered steels},
  author={Curry, DA and Knott, JF},
  journal={Metal Science},
  volume={13},
  number={6},
  pages={341--345},
  year={1979},
  publisher={Taylor \& Francis}
}
@article{allix1995damage,
  title={Damage analysis of interlaminar fracture specimens},
  author={Allix, Olivier and Ladeveze, P and Corigliano, Alberto},
  journal={Composite structures},
  volume={31},
  number={1},
  pages={61--74},
  year={1995},
  publisher={Elsevier}
}
